@misc{amd_state_machine,
	Author = {AMD},
    year = {1993},
    month = {June},
	Title = {State Machine Design},
	Url = {http://noel.feld.cvut.cz/hw/amd/90005a.pdf},
	Urlaccessdate = {November 8, 2018},
	Year = {2015},
}