% Encoding: UTF-8

@TechReport{More_1980,
  author    = {J. More and B. Garbow and K. Hillstrom},
  title     = {User guide for {MINPACK}-1. [In {FORTRAN}]},
  doi       = {10.2172/6997568},
  month     = {8},
  publisher = {Office of Scientific and Technical Information ({OSTI})},
  year      = {1980},
}

@Comment{jabref-meta: databaseType:biblatex;}
