% Encoding: UTF-8

@Article{Dunham1970,
  author    = {J. Dunham and P. M. Came},
  title     = {Improvements to the Ainley-Mathieson Method of Turbine Performance Prediction},
  volume    = {92},
  number    = {3},
  pages     = {252},
  doi       = {10.1115/1.3445349},
  file      = {:Dunham1970 - Improvements to the Ainley Mathieson Method of Turbine Performance Prediction.pdf:PDF},
  journal   = {Journal of Engineering for Power},
  publisher = {{ASME} International},
  year      = {1970},
}

@TechReport{Ainley1951,
  author      = {Ainley, DG and Mathieson, G Cr},
  title       = {A method of performance estimation for axial-flow turbines},
  institution = {AERONAUTICAL RESEARCH COUNCIL LONDON (UNITED KINGDOM)},
  year        = {1951},
  file        = {:Ainley1951 - A Method of Performance Estimation for Axial Flow Turbines.pdf:PDF},
}

@Article{Kacker_1982,
  author    = {S. C. Kacker and U. Okapuu},
  title     = {A Mean Line Prediction Method for Axial Flow Turbine Efficiency},
  volume    = {104},
  number    = {1},
  pages     = {111},
  doi       = {10.1115/1.3227240},
  file      = {:Kacker_1982 - A Mean Line Prediction Method for Axial Flow Turbine Efficiency.pdf:PDF},
  journal   = {Journal of Engineering for Power},
  publisher = {{ASME} International},
  year      = {1982},
}

@InProceedings{hendricks2016meanline,
  author    = {Hendricks, Eric S},
  title     = {Meanline Analysis of Turbines with Choked Flow in the Object-Oriented Turbomachinery Analysis Code},
  booktitle = {54th AIAA Aerospace Sciences Meeting},
  pages     = {0119},
  file      = {:hendricks2016meanline - Meanline Analysis of Turbines with Choked Flow in the Object Oriented Turbomachinery Analysis Code.pdf:PDF},
  year      = {2016},
}

@Comment{jabref-meta: databaseType:biblatex;}
